Articolo: @article{articolo1,
author={Rudenko, T. and Kilchytska, V. and Md Arshad, M.K. and Raskin, J.-P. and Nazarov, A. and ,Flandre D.},
title={Influence of Drain Voltage on MOSFET Threshold Voltage Determination by Transconductance Change and $g_m/I_d$ Methods},
journal={Paper},
volume={1},
pages={4}
year={2002}
}


Articolo: @article{articolo2, 
author={Ortiz-Conde, A. and Garcia Sanchez, F.J. and Liou, J.J. and Cerdeira , A. and Estrada, M. and Yue, Y.},
title={A review of recent MOSFET threshold voltage extraction methods},
journal={Paper},
volume={1},
pages={14},
year={2002}
}

